[gd_scene load_steps=21 format=3 uid="uid://c60vsx8urc3mj"]

[ext_resource type="Script" path="res://scripts/menu/menu_start.gd" id="1_r13jf"]
[ext_resource type="Texture2D" uid="uid://c5x5nuhjxhxnx" path="res://assets/images/menu/logo.png" id="1_w34vq"]
[ext_resource type="FontFile" uid="uid://bbnobed8qta8j" path="res://assets/fonts/editundo.ttf" id="2_slc6h"]
[ext_resource type="Script" path="res://scripts/menu/label_blink.gd" id="3_5fkc2"]
[ext_resource type="Texture2D" uid="uid://dlgnxsyljiaau" path="res://assets/images/menu/buttons.png" id="4_gsmgk"]
[ext_resource type="Texture2D" uid="uid://c8qkawm2asv33" path="res://assets/images/menu/levels.png" id="4_qmbkd"]
[ext_resource type="Texture2D" uid="uid://b0elpcvohnisq" path="res://assets/images/game/area_win.png" id="5_56kgu"]
[ext_resource type="Shader" path="res://resources/shaders/scroll.gdshader" id="5_fmo5v"]
[ext_resource type="Texture2D" uid="uid://dx8awe0i8ppq3" path="res://assets/images/game/area_lose.png" id="6_q387d"]
[ext_resource type="Texture2D" uid="uid://p4omui0dcv86" path="res://assets/images/game/area_pusher.png" id="7_vglu3"]
[ext_resource type="Texture2D" uid="uid://b6nrxv8ojv0vn" path="res://assets/images/game/jar.png" id="9_fismp"]
[ext_resource type="Script" path="res://scripts/mobile_support/button_start.gd" id="12_lmdxl"]

[sub_resource type="LabelSettings" id="LabelSettings_qhisb"]
font = ExtResource("2_slc6h")
font_size = 48
shadow_size = 0
shadow_color = Color(0.223529, 0.203922, 0.341176, 1)
shadow_offset = Vector2(0, 0)

[sub_resource type="Animation" id="Animation_dhekg"]
resource_name = "blink"
tracks/0/type = "value"
tracks/0/imported = false
tracks/0/enabled = true
tracks/0/path = NodePath(".:self_modulate")
tracks/0/interp = 1
tracks/0/loop_wrap = true
tracks/0/keys = {
"times": PackedFloat32Array(0, 0.5, 1),
"transitions": PackedFloat32Array(1, 1, 1),
"update": 0,
"values": [Color(1, 1, 1, 1), Color(1, 1, 1, 0.188235), Color(1, 1, 1, 1)]
}

[sub_resource type="AnimationLibrary" id="AnimationLibrary_r80u6"]
_data = {
"blink": SubResource("Animation_dhekg")
}

[sub_resource type="LabelSettings" id="LabelSettings_fpk5j"]
font = ExtResource("2_slc6h")
font_size = 36

[sub_resource type="LabelSettings" id="LabelSettings_lw2th"]
font = ExtResource("2_slc6h")
font_size = 18

[sub_resource type="ShaderMaterial" id="ShaderMaterial_6nr0t"]
shader = ExtResource("5_fmo5v")
shader_parameter/speed_horizontal = 1.0
shader_parameter/speed_vertical = null

[sub_resource type="ShaderMaterial" id="ShaderMaterial_slddv"]
shader = ExtResource("5_fmo5v")
shader_parameter/speed_horizontal = null
shader_parameter/speed_vertical = -1.0

[sub_resource type="ShaderMaterial" id="ShaderMaterial_wa6mj"]
shader = ExtResource("5_fmo5v")
shader_parameter/speed_horizontal = 0.0
shader_parameter/speed_vertical = 1.0

[node name="MenuStart" type="Control"]
layout_mode = 3
anchors_preset = 15
anchor_right = 1.0
anchor_bottom = 1.0
grow_horizontal = 2
grow_vertical = 2
script = ExtResource("1_r13jf")
metadata/_edit_lock_ = true

[node name="RectBackground" type="ColorRect" parent="."]
layout_mode = 1
anchors_preset = 15
anchor_right = 1.0
anchor_bottom = 1.0
grow_horizontal = 2
grow_vertical = 2
color = Color(0.956863, 0.54902, 0.713726, 1)
metadata/_edit_lock_ = true

[node name="TextureLogo" type="TextureRect" parent="."]
layout_mode = 1
anchors_preset = -1
anchor_left = 0.5
anchor_right = 0.5
offset_left = -256.0
offset_top = -20.0
offset_right = 256.0
offset_bottom = 268.0
grow_horizontal = 2
texture = ExtResource("1_w34vq")
metadata/_edit_lock_ = true

[node name="LabelStart" type="Label" parent="."]
layout_mode = 1
anchors_preset = -1
anchor_left = 0.5
anchor_top = 1.0
anchor_right = 0.5
anchor_bottom = 1.0
offset_left = -360.0
offset_top = -88.0
offset_right = 360.0
grow_horizontal = 2
grow_vertical = 0
text = "Press SPACE to start the game"
label_settings = SubResource("LabelSettings_qhisb")
horizontal_alignment = 1
script = ExtResource("3_5fkc2")

[node name="PlayerBlink" type="AnimationPlayer" parent="LabelStart"]
libraries = {
"": SubResource("AnimationLibrary_r80u6")
}
speed_scale = 0.65

[node name="LabelControls" type="Label" parent="."]
layout_mode = 0
offset_left = 48.0
offset_top = 186.0
offset_right = 348.0
offset_bottom = 399.0
text = "Use the arrows, A and D buttons or the sides of your mobile screen to control the jar"
label_settings = SubResource("LabelSettings_fpk5j")
horizontal_alignment = 1
autowrap_mode = 2

[node name="LabelReach" type="Label" parent="."]
layout_mode = 0
offset_left = 420.0
offset_top = 372.0
offset_right = 720.0
offset_bottom = 504.0
text = "get to the green zone"
label_settings = SubResource("LabelSettings_fpk5j")
horizontal_alignment = 1
autowrap_mode = 2

[node name="LabelComplete" type="Label" parent="."]
layout_mode = 0
offset_left = 774.0
offset_top = 276.0
offset_right = 1074.0
offset_bottom = 408.0
text = "Complete all six levels"
label_settings = SubResource("LabelSettings_fpk5j")
horizontal_alignment = 1
autowrap_mode = 2

[node name="LabelComplete2" type="Label" parent="."]
layout_mode = 0
offset_left = 48.0
offset_top = 516.0
offset_right = 348.0
offset_bottom = 648.0
text = "Key r - restart
Key m - mute music"
label_settings = SubResource("LabelSettings_lw2th")
autowrap_mode = 2

[node name="TextureLevels" type="TextureRect" parent="."]
layout_mode = 0
offset_left = 762.0
offset_top = 354.0
offset_right = 1082.0
offset_bottom = 474.0
texture = ExtResource("4_qmbkd")
expand_mode = 2
stretch_mode = 4

[node name="TextureControls" type="TextureRect" parent="."]
layout_mode = 0
offset_left = 42.0
offset_top = 408.0
offset_right = 362.0
offset_bottom = 528.0
texture = ExtResource("4_gsmgk")
expand_mode = 2
stretch_mode = 4

[node name="RectWinZone" type="ColorRect" parent="."]
layout_mode = 0
offset_left = 444.0
offset_top = 252.0
offset_right = 504.0
offset_bottom = 312.0
color = Color(0.631373, 0.898039, 0.352941, 0.498039)

[node name="TextureWinZone" type="TextureRect" parent="RectWinZone"]
texture_repeat = 2
material = SubResource("ShaderMaterial_6nr0t")
layout_mode = 0
offset_right = 60.0
offset_bottom = 60.0
texture = ExtResource("5_56kgu")
stretch_mode = 5

[node name="RectFailZone" type="ColorRect" parent="."]
layout_mode = 0
offset_left = 534.0
offset_top = 300.0
offset_right = 594.0
offset_bottom = 360.0
color = Color(0.796078, 0.301961, 0.407843, 0.498039)

[node name="TextureFailZone" type="TextureRect" parent="RectFailZone"]
texture_repeat = 2
material = SubResource("ShaderMaterial_slddv")
layout_mode = 0
offset_right = 60.0
offset_bottom = 60.0
texture = ExtResource("6_q387d")
stretch_mode = 5

[node name="RectBlueZone" type="ColorRect" parent="."]
layout_mode = 0
offset_left = 624.0
offset_top = 264.0
offset_right = 684.0
offset_bottom = 324.0
color = Color(0.0666667, 0.678431, 0.756863, 0.498039)

[node name="TexturePushZone" type="TextureRect" parent="RectBlueZone"]
texture_repeat = 2
material = SubResource("ShaderMaterial_wa6mj")
layout_mode = 0
offset_right = 60.0
offset_bottom = 60.0
texture = ExtResource("7_vglu3")
stretch_mode = 5

[node name="TextureJarLeft" type="TextureRect" parent="."]
layout_mode = 0
offset_left = 264.0
offset_top = 78.0
offset_right = 336.0
offset_bottom = 150.0
texture = ExtResource("9_fismp")
stretch_mode = 5

[node name="TextureJarRight" type="TextureRect" parent="."]
layout_mode = 0
offset_left = 816.0
offset_top = 78.0
offset_right = 888.0
offset_bottom = 150.0
texture = ExtResource("9_fismp")
stretch_mode = 5

[node name="ButtonStart" type="Button" parent="."]
layout_mode = 1
anchors_preset = 15
anchor_right = 1.0
anchor_bottom = 1.0
grow_horizontal = 2
grow_vertical = 2
focus_mode = 0
mouse_filter = 1
action_mode = 0
flat = true
script = ExtResource("12_lmdxl")
